<?xml version="1.0" encoding="UTF-8"?><collection xmlns="http://www.loc.gov/MARC21/slim"><record><leader>00505nam--2200133-i-4500</leader><controlfield tag="001">000041253</controlfield><controlfield tag="002">20161230</controlfield><controlfield tag="005">20161230201043</controlfield><controlfield tag="008">060222s1000------------r-----000-0-eng-d</controlfield><datafield ind1=" " ind2=" " tag="080"><subfield code="a">621.039.58:621.039.534.63(043)</subfield></datafield><datafield ind1=" " ind2=" " tag="100"><subfield code="a">Seiler, Jean-marie</subfield></datafield><datafield ind1=" " ind2=" " tag="245"><subfield code="a">Etude de l`ebullition du sodium au cours d`un transitoire rapide de puissance dans un canal chauffant. travail effectue dans le cadre de la surete des reacteurs a neutrons rapides. these</subfield></datafield><datafield ind1=" " ind2=" " tag="260"><subfield code="a">Grenoble, Univ., 1977, 114p.+dif</subfield></datafield><datafield ind1=" " ind2=" " tag="852"><subfield code="a">48472</subfield></datafield></record></collection>